<?xml version="1.0" encoding="UTF-8" ?>
<record Numero="13918076" format="InterXMarc_Complet" type="Authority">
<leader>01071c0 au22000272  45  <Pos Code="0004">01071</Pos>
<Pos Code="05" Sens="notice modifiée">c</Pos>
<Pos Code="06" Sens="notice validée par les services d&apos;autorité">0</Pos>
<Pos Code="08" Sens="notice d&apos;autorité">a</Pos>
<Pos Code="09" Sens="titre uniforme musical (TUM)">u</Pos>
<Pos Code="10">2</Pos>
<Pos Code="11">2</Pos>
<Pos Code="1216">00027</Pos>
<Pos Code="17" Sens="autres cas">2</Pos>
<Pos Code="20">4</Pos>
<Pos Code="21">5</Pos>
</leader>
<controlfield tag="001">FRBNF13918076X<Pos Code="0001">FR</Pos>
<Pos Code="0204">BNF</Pos>
<Pos Code="0512">13918076</Pos>
<Pos Code="13">X</Pos>
</controlfield>
<controlfield tag="008">890821150507yylat seq       1832      1841                   010 <Pos Code="0001">89</Pos>
<Pos Code="0203">08</Pos>
<Pos Code="0405">21</Pos>
<Pos Code="0607">15</Pos>
<Pos Code="0809">05</Pos>
<Pos Code="1011">07</Pos>
<Pos Code="1213" Sens="ne s&apos;applique pas">yy</Pos>
<Pos Code="1416" Sens="latin">lat</Pos>
<Pos Code="1820" Sens="séquence [Stabat mater => séquence]">seq</Pos>
<Pos Code="2831">1832</Pos>
<Pos Code="3841">1841</Pos>
<Pos Code="61" Sens="La vedette peut être liée à une notice bibliographique pour les accès signalétiques et/ou pour l&apos;accès matière RAMEAU">0</Pos>
<Pos Code="62" Sens="La vedette ne peut s&apos;employer qu&apos;en tête de vedette">1</Pos>
<Pos Code="63" Sens="La vedette n&apos;admet pas de subdivision géographique">0</Pos>
</controlfield>
<datafield tag="048" ind1=" " ind2=" ">
	<subfield code="b">va02<Pos Code="0001" Sens="voix - soprano">va</Pos>
<Pos Code="02">0</Pos>
<Pos Code="03">2</Pos>
</subfield>
	<subfield code="b">vd01<Pos Code="0001" Sens="voix - ténor">vd</Pos>
<Pos Code="02">0</Pos>
<Pos Code="03">1</Pos>
</subfield>
	<subfield code="b">vf01<Pos Code="0001" Sens="voix - basse">vf</Pos>
<Pos Code="02">0</Pos>
<Pos Code="03">1</Pos>
</subfield>
	<subfield code="a">ca01<Pos Code="0001" Sens="choeurs - mixte (4 voix SATB)">ca</Pos>
<Pos Code="02">0</Pos>
<Pos Code="03">1</Pos>
</subfield>
	<subfield code="a">oa01<Pos Code="0001" Sens="orchestre - orchestre symphonique XIXe-XXe s.">oa</Pos>
<Pos Code="02">0</Pos>
<Pos Code="03">1</Pos>
</subfield>
</datafield>
<datafield tag="100" ind1=" " ind2=" ">
	<subfield code="3">13899201</subfield>
	<subfield code="w">.0..b.....</subfield>
	<subfield code="a">Rossini</subfield>
	<subfield code="m">Gioachino</subfield>
	<subfield code="d">1792-1868</subfield>
</datafield>
<datafield tag="144" ind1="1" ind2=" ">
	<subfield code="w">....b.lat.</subfield>
	<subfield code="a">Stabat Mater</subfield>
</datafield>
<datafield tag="301" ind1=" " ind2=" ">
	<subfield code="3">13918497</subfield>
	<subfield code="a">Liszt</subfield>
	<subfield code="m">Franz</subfield>
	<subfield code="d">1811-1886</subfield>
	<subfield code="t">[Transcriptions. Rossini, Gioacchino. Stabat Mater. Cujus animam. Ténor, orgue. LW K5]</subfield>
</datafield>
<datafield tag="301" ind1=" " ind2=" ">
	<subfield code="3">13986250</subfield>
	<subfield code="a">Liszt</subfield>
	<subfield code="m">Franz</subfield>
	<subfield code="d">1811-1886</subfield>
	<subfield code="t">[Transcriptions. Rossini, Gioacchino. Stabat Mater. Cujus animam. Piano. LW A141, no 1]</subfield>
</datafield>
<datafield tag="600" ind1=" " ind2=" ">
	<subfield code="a">Il existe deux versions : 1re version, inachevée, terminée par Giuseppe Tadolini (1832) ; 2e version, entièrement de la main de Rossini (1841)</subfield>
	<subfield code="a">1re exécution de la 1re version : Madrid, Cappella di San-Filippo-el-Real, vendredi saint, 1833</subfield>
	<subfield code="a">1re exécution de la version définitive : Paris, Théâtre des Italiens, 7 janvier 1842</subfield>
</datafield>
<datafield tag="610" ind1=" " ind2=" ">
	<subfield code="a">Dictionnaire des oeuvres de l&apos;art vocal</subfield>
	<subfield code="a">Grove music online</subfield>
	<subfield code="u">http://www.oxfordmusiconline.com/</subfield>
	<subfield code="d">2015-05-07</subfield>
</datafield>
<datafield tag="624" ind1=" " ind2=" ">
	<subfield code="a">780<Pos Code="0002" Sens="Musique">780</Pos>
</subfield>
</datafield>
<datafield tag="917" ind1=" " ind2=" ">
	<subfield code="o">OPC</subfield>
	<subfield code="a">100478750</subfield>
</datafield>
<datafield tag="917" ind1=" " ind2=" ">
	<subfield code="o">OPD</subfield>
	<subfield code="a">100318340</subfield>
	<subfield code="b">ATUM</subfield>
</datafield>
<datafield tag="996" ind1=" " ind2=" ">
	<subfield code="o">OPP</subfield>
	<subfield code="a">16305736</subfield>
	<subfield code="d">20131119</subfield>
</datafield>
<datafield tag="996" ind1=" " ind2=" ">
	<subfield code="o">OPP</subfield>
	<subfield code="a">14807958</subfield>
	<subfield code="d">20131120</subfield>
</datafield>
<Alter Ori="13899201">
<datafield tag="400" ind1=" " ind2=" ">
	<subfield code="w">....b.....</subfield>
	<subfield code="a">Rossini</subfield>
	<subfield code="m">Gioacchino</subfield>
	<subfield code="d">1792-1868</subfield>
</datafield>
<datafield tag="400" ind1=" " ind2=" ">
	<subfield code="w">....b.....</subfield>
	<subfield code="a">Rossini</subfield>
	<subfield code="m">Gioachino Antonio</subfield>
	<subfield code="d">1792-1868</subfield>
</datafield>
<datafield tag="031" ind1=" " ind2=" ">
	<subfield code="a">000000012127560X</subfield>
	<subfield code="2" Sens="ISNI chargé à partir de VIAF">VIAF</subfield>
	<subfield code="d">20130731<Pos Code="0003">2013</Pos>
<Pos Code="0407" Sens="31 juillet">0731</Pos>
</subfield>
</datafield>
</Alter>
<Attr Nom="IDPerenne">ark:/12148/cb13918076h</Attr>
<Attr Nom="NumSource">OPC 100478750</Attr>
<Attr Nom="Source" Sens="BnF catalogue général (depuis 1999)">A</Attr>
<Attr Nom="NumAutoriteLiee">138992011391849713986250</Attr>
<Attr Nom="DateCreation">21/08/ 1989</Attr>
<Attr Nom="ResponsableCreation">MIGV2</Attr>
<Attr Nom="StructCreation">1</Attr>
<Attr Nom="DateDerniereValidation">07/05/ 2015</Attr>
<Attr Nom="ResponsableDerniereValidation">PUYRENIER FREDERIC</Attr>
<Attr Nom="StructPremiereValidation">1</Attr>
<Attr Nom="DatePremiereValidation">21/08/ 1989</Attr>
<Attr Nom="ResponsablePremiereValidation">MIGV2</Attr>
<Attr Nom="StructDerniereValidation">82</Attr>
<Attr Nom="NumSource" Rep="1">OPD 100318340</Attr>
<Attr Nom="NumSource" Rep="2">OPP 16305736</Attr>
<Attr Nom="NumSource" Rep="3">OPP 14807958</Attr>
</record>
